@book{GoldsteinE.Bruce2015W:dG,
	series = {Springer Lehrbuch},
	isbn = {9783642550737},
	year = {2015},
	title = {Wahrnehmungspsychologie: der Grundkurs},
	edition = {9},
	publisher = {Addison-Wesley},
	author = {Goldstein, E. Bruce},
	keywords = {Wahrnehmungspsychologie}
}

@unpublished{Hönemann2019:Farbwahrnehmung,
	title = {Farbwahrnehmung},
	author = {Angelika Hönemann},
	location = {Beuth Hochschule für Technik},
	date = {2019-11-21},
	howpublished = Vorlesungsfolie,
	%note = {Zugegriffen am: 21.11.2019},
	urldate = {2019-11-21}
}

@unpublished{Hönemann2019:Bewegungswahrnehmung,
	title = {Bewegungswahrnehmung},
	author = {Angelika Hönemann},
	location = {Berlin},
	date = {2019-11-28},
	howpublished = Vorlesungsfolie,
	%note = {Zugegriffen am: 28.11.2019},
	urldate = {2019-11-28}
}

@online{Schultz:Gestaltgesetze,
	author = {Birgit Schultz},
	organization =  {Marketing-Zauber},
	url 	= {https://marketing-zauber.de/gestaltgesetze/},
	title = {Gestaltgesetze: Deine geheimen Zutaten für besseres Design!},
	date	= {2019-04-27},
	urldate = {2019-11-21}
}
